<?xml version="1.0" encoding="UTF-8"?><collection xmlns="http://www.loc.gov/MARC21/slim"><record><leader>00448nam--2200145-i-4500</leader><controlfield tag="001">000001601</controlfield><controlfield tag="002">20161230</controlfield><controlfield tag="005">20161230201024</controlfield><controlfield tag="008">060222s1000------------r-----000-0-eng-d</controlfield><datafield ind1=" " ind2=" " tag="080"><subfield code="a">517.43:512.972</subfield></datafield><datafield ind1=" " ind2=" " tag="100"><subfield code="a">Golab, Stanis</subfield></datafield><datafield ind1=" " ind2=" " tag="245"><subfield code="a">Tensor calculus. translated from the polish by eugene lepa</subfield></datafield><datafield ind1=" " ind2=" " tag="260"><subfield code="a">Amsterdam, Elsevier Scientific Publishing Company, 1974. Xviii + 371 P</subfield></datafield><datafield ind1=" " ind2=" " tag="852"><subfield code="a">42632</subfield><subfield code="c">512.04:512.972</subfield></datafield><datafield ind1=" " ind2=" " tag="CAT"><subfield code="a">Sys</subfield><subfield code="c">20080526</subfield><subfield code="h">125005</subfield></datafield></record></collection>